<record><leader>00000cas a2200000 a 4500</leader><controlfield tag="001">35004776</controlfield><controlfield tag="008">960628c19uu9999nyuwr ne      0    0eng d</controlfield><datafield ind1=" " ind2=" " tag="010"><subfield code="a">sn2003060389</subfield></datafield><datafield ind1=" " ind2=" " tag="040"><subfield code="a">VVW</subfield><subfield code="b">eng</subfield><subfield code="c">VVW</subfield><subfield code="d">NYS</subfield><subfield code="d">OCLCQ</subfield></datafield><datafield ind1=" " ind2=" " tag="032"><subfield code="a">001279</subfield><subfield code="b">USPS</subfield></datafield><datafield ind1=" " ind2=" " tag="043"><subfield code="a">n-us-ny</subfield></datafield><datafield ind1="0" ind2=" " tag="130"><subfield code="a">Gazette (Croton-on-Hudson, N.Y. : Ossining ed.)</subfield></datafield><datafield ind1="1" ind2="4" tag="245"><subfield code="a">The Gazette.</subfield></datafield><datafield ind1=" " ind2=" " tag="250"><subfield code="a">[Ossining ed.].</subfield></datafield><datafield ind1=" " ind2=" " tag="260"><subfield code="a">Croton-on-Hudson, N.Y. :</subfield><subfield code="b">C.A. Nelson Pub.</subfield></datafield><datafield ind1=" " ind2=" " tag="300"><subfield code="a">v. :</subfield><subfield code="b">ill. ;</subfield><subfield code="c">33-43 cm.</subfield></datafield><datafield ind1=" " ind2=" " tag="310"><subfield code="a">Weekly</subfield></datafield><datafield ind1=" " ind2=" " tag="500"><subfield code="a">Published every Thursday.</subfield></datafield><datafield ind1=" " ind2=" " tag="500"><subfield code="a">Publisher: CMT Phoenix Inc. &lt;1994-&gt;</subfield></datafield><datafield ind1=" " ind2=" " tag="500"><subfield code="a">"Serving Ossining, Briarcliff Manor and Scarborough."</subfield></datafield><datafield ind1=" " ind2=" " tag="588"><subfield code="a">Description based on: Vol. 7, no. 26 (June 27 through July 3, 1996).</subfield></datafield><datafield ind1=" " ind2="0" tag="651"><subfield code="a">Briarcliff Manor (N.Y.)</subfield><subfield code="v">Newspapers.</subfield></datafield><datafield ind1=" " ind2="0" tag="651"><subfield code="a">Ossining (N.Y.)</subfield><subfield code="v">Newspapers.</subfield></datafield><datafield ind1=" " ind2="0" tag="651"><subfield code="a">Westchester County (N.Y.)</subfield><subfield code="v">Newspapers.</subfield></datafield><datafield ind1=" " ind2=" " tag="752"><subfield code="a">United States</subfield><subfield code="b">New York</subfield><subfield code="c">Westchester</subfield><subfield code="d">Croton-on-Hudson.</subfield></datafield><datafield ind1="0" ind2=" " tag="775"><subfield code="t">Gazette (Croton-on-Hudson, N.Y.)</subfield><subfield code="b">Cortland ed.</subfield><subfield code="w">(OCoLC)52416736</subfield></datafield></record>